<?xml version="1.0" encoding="UTF-8"?><record xmlns="http://www.loc.gov/MARC21/slim" xmlns:cinclude="http://apache.org/cocoon/include/1.0" xmlns:zs="http://www.loc.gov/zing/srw/">
  <leader>00672cz  a2200157n  4500</leader>
  <controlfield tag="001">n  81054788 </controlfield>
  <controlfield tag="003">DLC</controlfield>
  <controlfield tag="005">20030311155759.0</controlfield>
  <controlfield tag="008">810609n| acannaab           |a aaa      </controlfield>
  <datafield tag="010" ind1=" " ind2=" ">
    <subfield code="a">n  81054788 </subfield>
  </datafield>
  <datafield tag="040" ind1=" " ind2=" ">
    <subfield code="a">DLC</subfield>
    <subfield code="c">DLC</subfield>
    <subfield code="d">DLC</subfield>
  </datafield>
  <datafield tag="100" ind1="1" ind2=" ">
    <subfield code="a">Weingarten, Kathy</subfield>
  </datafield>
  <datafield tag="400" ind1="1" ind2=" ">
    <subfield code="a">Weingarten, Kaethe</subfield>
  </datafield>
  <datafield tag="670" ind1=" " ind2=" ">
    <subfield code="a">Daniels, P. Sooner or later, c1982 (a.e.)</subfield>
    <subfield code="b">t.p. (Kathy Weingarten) pub. info. (psychologist; res. asst., Wellesley Coll. Cent. for Res. on Women)</subfield>
  </datafield>
  <datafield tag="670" ind1=" " ind2=" ">
    <subfield code="a">Common shock, 2003:</subfield>
    <subfield code="b">CIP galley t.p. (Kaethe Weingarten)</subfield>
  </datafield>
  <datafield tag="670" ind1=" " ind2=" ">
    <subfield code="a">WWW site for Family Institute of Cambridge faculty list, Feb. 27, 2003:</subfield>
    <subfield code="b">page for Kaethe Weingarten (publications list confirms identification)</subfield>
  </datafield>
</record>